@online{docsadm,
	author    = "Ministerio de Administraciones Públicas",
	title     = "Documentación ",
	url       = "https://administracionelectronica.gob.es/",
	keywords  = "docs",
}


@book{71,
	author    = {Autor Desconocido},
	title     = {Nombre   },
 	keywords  = "71",
 	year="2022"
}
